@article{xiao2010berry,
  title = {Berry phase effects on electronic properties},
  author = {Xiao, Di and Chang, Ming-Che and Niu, Qian},
  journal = {Rev. Mod. Phys.},
  volume = {82},
  issue = {3},
  pages = {1959--2007},
  numpages = {0},
  year = {2010},
  month = {Jul},
  publisher = {American Physical Society},
  doi = {10.1103/RevModPhys.82.1959},
  url = {http://link.aps.org/doi/10.1103/RevModPhys.82.1959}
}

@article{ozawa2014qhe,
  title = {Anomalous and Quantum Hall Effects in Lossy Photonic Lattices},
  author = {Ozawa, Tomoki and Carusotto, Iacopo},
  journal = {Phys. Rev. Lett.},
  volume = {112},
  issue = {13},
  pages = {133902},
  numpages = {5},
  year = {2014},
  month = {Apr},
  publisher = {American Physical Society},
  doi = {10.1103/PhysRevLett.112.133902},
  url = {http://link.aps.org/doi/10.1103/PhysRevLett.112.133902}
}

@article{price2015sporbit,
  title = {Artificial magnetic fields in momentum space in spin-orbit-coupled systems},
  author = {Price, Hannah M. and Ozawa, Tomoki and Cooper, Nigel R. and Carusotto, Iacopo},
  journal = {Phys. Rev. A},
  volume = {91},
  issue = {3},
  pages = {033606},
  numpages = {18},
  year = {2015},
  month = {Mar},
  publisher = {American Physical Society},
  doi = {10.1103/PhysRevA.91.033606},
  url = {http://link.aps.org/doi/10.1103/PhysRevA.91.033606}
}

@article{hafezi2013imaging,
  title={Imaging topological edge states in silicon photonics},
  author={Hafezi, M and Mittal, S and Fan, J and Migdall, A and Taylor, JM},
  journal={Nature Photonics},
  volume={7},
  number={12},
  pages={1001--1005},
  year={2013},
  publisher={Nature Publishing Group}
}

@article{price2014magnetic,
  title = {Quantum Mechanics with a Momentum-Space Artificial Magnetic Field},
  author = {Price, Hannah M. and Ozawa, Tomoki and Carusotto, Iacopo},
  journal = {Phys. Rev. Lett.},
  volume = {113},
  issue = {19},
  pages = {190403},
  numpages = {5},
  year = {2014},
  month = {Nov},
  publisher = {American Physical Society},
  doi = {10.1103/PhysRevLett.113.190403},
  url = {http://link.aps.org/doi/10.1103/PhysRevLett.113.190403}
}

@article{kolovsky2014trap,
  title = {Quantum particle in a parabolic lattice in the presence of a gauge field},
  author = {Kolovsky, Andrey R. and Grusdt, Fabian and Fleischhauer, Michael},
  journal = {Phys. Rev. A},
  volume = {89},
  issue = {3},
  pages = {033607},
  numpages = {9},
  year = {2014},
  month = {Mar},
  publisher = {American Physical Society},
  doi = {10.1103/PhysRevA.89.033607},
  url = {http://link.aps.org/doi/10.1103/PhysRevA.89.033607}
}
